@misc{Votes14,
    title = "Votes! - JavaEE Web Applications 2014",
    month = "Mai",
    year = "2014",
    url = "http://www.uni-koblenz-landau.de/koblenz/fb4/ist/rgebert/teaching/sose2014/javaee",}] 